@book{baumgartner:2002,
	title = {E-Learning Praxishandbuch : Auswahl von Lernplattformen; Marktübersicht, Funktionen, Fachbegriffe},
	author = {Baumgartner, Peter and Häfele, Hartmut and Maier-Häfele, Kornelia},
	address = {Innsbruck},
	publisher = {StudienVerl.},
	year = {2002},
	isbn = {3-7065-1771-X}
}

@TechReport{dreyfus:1980,
	author = {Stuard E. Dreyfus and Hubert L. Dreyfus},
	title = {A Five-Stage Model Of The Mental Activities Involved In Directed Skill Acquisition},
	institution = {University of California, Berkley},
	year = {1980},
	url = {http://www.dtic.mil/cgi-bin/GetTRDoc?AD=ADA084551&Location=U2&doc=GetTRDoc.pdf},
}

@Online{fsf:2007,
	author = {{Free Software Foundation}},
	title = {{GNU AFFERO GENERAL PUBLIC LICENSE}},
	url = {http://www.gnu.org/licenses/agpl-3.0.de.html},
	year = {2007}
}

@Unpublished{mustermann:2012,
	author = {Max Mustermann},
	title = {tolles Musterthema},
	year = {2012},
	address = {Musterstadt},
	note = {Studienarbeit}
}




@online{pythonDocs,
	author = {Python-Dokumentation},
	title = {logging — {Logging} facility for {Python}},
	url = {https://docs.python.org/3/library/logging.html},
	abstract = {Source code: Lib/logging/\_\_init\_\_.py Important: This page contains the API reference information. For tutorial information and discussion of more advanced topics, see Basic Tutorial, Advanced Tutor...},
	language = {en},
	urldate = {2024-10-20},
	journal = {Python documentation},
}

@online{pyCharmVirtualEnv,
	author = {PyCharm-Dokumentation},
	title = {Configure a virtual environment {\textbar} {PyCharm}},
	url = {https://www.jetbrains.com/help/pycharm/creating-virtual-environment.html},
	language = {en-US},
	urldate = {2024-10-20},
}

@book{hunt_advanced_2023,
	address = {Cham},
	series = {Undergraduate {Topics} in {Computer} {Science}},
	title = {Advanced {Guide} to {Python} 3 {Programming}},
	copyright = {https://www.springernature.com/gp/researchers/text-and-data-mining},
	isbn = {978-3-031-40335-4 978-3-031-40336-1},
	url = {https://link.springer.com/10.1007/978-3-031-40336-1},
	language = {en},
	urldate = {2024-10-20},
	publisher = {Springer International Publishing},
	author = {Hunt, John},
	year = {2023},
	doi = {10.1007/978-3-031-40336-1},
}

@incollection{pajankar_python_2022,
	address = {Berkeley, CA},
	title = {Python {Unit} {Test} {Automation} - {Automate}, {Organize}, and {Execute} {Unit} {Tests} in {Python} (2nd {Edition})},
	isbn = {978-1-4842-7853-6 978-1-4842-7854-3},
	url = {https://link.springer.com/10.1007/978-1-4842-7854-3_2},
	language = {en},
	urldate = {2024-10-20},
	booktitle = {Python {Unit} {Test} {Automation}},
	publisher = {Apress},
	author = {Pajankar, Ashwin},
	collaborator = {Pajankar, Ashwin},
	year = {2022},
	doi = {10.1007/978-1-4842-7854-3_2},
	pages = {25--41},
}

@book{hunt_beginners_2023,
	address = {Cham},
	series = {Undergraduate {Topics} in {Computer} {Science}},
	title = {A {Beginners} {Guide} to {Python} 3 {Programming}},
	copyright = {https://www.springernature.com/gp/researchers/text-and-data-mining},
	isbn = {978-3-031-35121-1 978-3-031-35122-8},
	url = {https://link.springer.com/10.1007/978-3-031-35122-8},
	language = {en},
	urldate = {2024-10-20},
	publisher = {Springer International Publishing},
	author = {Hunt, John},
	year = {2023},
	doi = {10.1007/978-3-031-35122-8},
}

@book{steyer_programmierung_2018,
	address = {Wiesbaden},
	title = {Programmierung in {Python}},
	copyright = {http://www.springer.com/tdm},
	isbn = {978-3-658-20704-5 978-3-658-20705-2},
	url = {http://link.springer.com/10.1007/978-3-658-20705-2},
	language = {de},
	urldate = {2024-10-20},
	publisher = {Springer Fachmedien Wiesbaden},
	author = {Steyer, Ralph},
	year = {2018},
	doi = {10.1007/978-3-658-20705-2},
}

@online{pyCharmGit,
	author = {PyCharm-Dokumentation},
	title = {Git {\textbar} {PyCharm}},
	url = {https://www.jetbrains.com/help/pycharm/using-git-integration.html},
	language = {en-US},
	urldate = {2024-10-20},
}

@online{gitignore_io,
    author ={gitignore.io},
	title = {gitignore.io - {Erstelle} nützliche .gitignore {Dateien} {Für} {Dein} {Projekt}},
	url = {https://www.toptal.com/developers/gitignore},
	abstract = {Erstelle nützliche .gitignore Dateien für dein Projekt in dem du eines von \{templateCount\} Betriebssystem, Entwicklungsumgebung und Programmiersprache .gitignore Templates wählst},
	language = {en},
	urldate = {2024-10-20},
}

@article{iuSkript,
	author = {IU Internationale Hochschule GmbH},
	title = {Programmieren mit {Python}},
	volume = {DLMDWPMP01},
	language = {la},
	number = {001-2023-0714},
	journal = {IU Internationale Hochschule GmbH},
}

@online{pyCharmGettingStarted,
	author = {PyCharm-Dokumentation},
	title = {Quick start guide},
	url = {https://www.jetbrains.com/help/pycharm/getting-started.html},
	language = {en-US},
	urldate = {2024-10-25},
}


@online{team_virtualenv_2023,
	title = {Virtualenv {Python} {Version}: {Alles} über virtuelle {Umgebungen}},
	shorttitle = {Virtualenv {Python} {Version}},
	url = {https://datascientest.com/de/virtualenv-python-version-alles-ueber-virtuelle-umgebungen},
	abstract = {Virtualenv Python Version: Hier erfährst du alles, was du über virtuelle Umgebungen in Python und die Bibliothek virtualenv wissen musst: Definition,},
	language = {de-DE},
	urldate = {2024-10-25},
	journal = {Weiterbildung Data Science {\textbar} DataScientest.com},
	author = {Team, Daniel},
	month = aug,
	year = {2023},
}

